@article{Bergh,
    title = "Personnel scheduling: A literature review ",
    journal = "European Journal of Operational Research ",
    volume = "226",
    number = "3",
    pages = "367 - 385",
    year = "2013",
    note = "",
    issn = "0377-2217",
    doi = "http://dx.doi.org/10.1016/j.ejor.2012.11.029",
    author = "Jorne Van den Bergh and Jeroen Beliën and Philippe De Bruecker and Erik Demeulemeester and Liesje De Boeck",
    keywords = "Workforce",
    keywords = "Staffing",
    keywords = "Scheduling",
    keywords = "Literature review "
}

@article{karp1972,
    title={Reducibility among combinatorial problems},
    author={Karp, Richard M},
    booktitle={Complexity of computer computations},
    pages={85--103},
    year={1972},
    publisher={Springer}
}

@article{chvatal1979greedy,
    title={A greedy heuristic for the set-covering problem},
    author={Chvatal, Vasek},
    journal={Mathematics of operations research},
    volume={4},
    number={3},
    pages={233--235},
    year={1979},
    publisher={INFORMS}
}

@incollection{balas1980set,
    title={Set covering algorithms using cutting planes, heuristics, and subgradient optimization: a computational study},
    author={Balas, Egon and Ho, Andrew},
    booktitle={Combinatorial Optimization},
    pages={37--60},
    year={1980},
    publisher={Springer}
}

@article{beasley1992enhancing,
    title={Enhancing an algorithm for set covering problems},
    author={Beasley, John E and J{\"o}rnsten, Kurt},
    journal={European Journal of Operational Research},
    volume={58},
    number={2},
    pages={293--300},
    year={1992},
    publisher={Elsevier}
}

@article{beasley1987algorithm,
    title={An algorithm for set covering problem},
    author={Beasley, John E},
    journal={European Journal of Operational Research},
    volume={31},
    number={1},
    pages={85--93},
    year={1987},
    publisher={Elsevier}
}

@article{fisher1990optimal,
    title={Optimal solution of set covering/partitioning problems using dual heuristics},
    author={Fisher, Marshall L and Kedia, Pradeep},
    journal={Management science},
    volume={36},
    number={6},
    pages={674--688},
    year={1990},
    publisher={INFORMS}
}

@article{ceria1997,
    title={Set Covering Problem},
    author={Ceria, Sebasti{\'a}n and Nobili, Paolo and Sassano, Antonio},
    journal={Annotated Bibliographies in Combinatorial Optimization},
    pages={415--428},
    year={1997},
    publisher={Springer}
}

@article{caprara2000algorithms,
    title={Algorithms for the set covering problem},
    author={Caprara, Alberto and Toth, Paolo and Fischetti, Matteo},
    journal={Annals of Operations Research},
    volume={98},
    number={1-4},
    pages={353--371},
    year={2000},
    publisher={Springer}
}

@article{ernst2004staff,
    title={Staff scheduling and rostering: A review of applications, methods and models},
    author={Ernst, Andreas T and Jiang, Houyuan and Krishnamoorthy, Mohan and Sier, David},
    journal={European journal of operational research},
    volume={153},
    number={1},
    pages={3--27},
    year={2004},
    publisher={Elsevier}
}

@article{van2013personnel,
    title={Personnel scheduling: A literature review},
    author={Van den Bergh, Jorne and Beli{\"e}n, Jeroen and De Bruecker, Philippe and Demeulemeester, Erik and De Boeck, Liesje},
    journal={European Journal of Operational Research},
    volume={226},
    number={3},
    pages={367--385},
    year={2013},
    publisher={Elsevier}
}

@book{desaulniers2006column,
    title={Column generation},
    author={Desaulniers, Guy and Desrosiers, Jacques and Solomon, Marius M},
    volume={5},
    year={2006},
    publisher={Springer Science \& Business Media}
}

@article{barnhart1998branch,
    title={Branch-and-price: Column generation for solving huge integer programs},
    author={Barnhart, Cynthia and Johnson, Ellis L and Nemhauser, George L and Savelsbergh, Martin WP and Vance, Pamela H},
    journal={Operations research},
    volume={46},
    number={3},
    pages={316--329},
    year={1998},
    publisher={INFORMS}
}

@article{vance1993crew,
    title={Crew scheduling, cutting stock, and column generation: Solving huge integer programs},
    author={Vance, Pamela H},
    year={1993},
    publisher={Georgia Institute of Technology}
}

@article{doalgoritmos,
    title={Algoritmos gen{\'e}ticos aplicados ao problema de rodízio de tripula{\c{c}}{\~o}es},
    author={do Carmo Martins, Leandro and Silva, Gustavo Peixoto},
    year={2015},
    journal={Simp{\'o}sio Brasileiro de Pesquisa Operacional}
}

@article{silva2002simulated,
    title={Simulated Annealing Aplicadoa Programa{\c{c}}ao da Tripula{\c{c}}ao no Sistema de Transporte P{\'u}blico},
    author={Silva, Gustavo Peixoto and Souza, Marcone Jamilson Freitas and ALVES, JMDCB},
    journal={XXII Encontro Nacional de Engenharia de Produ{\c{c}}ao},
    year={2002}
}

@article{de2016multi,
    title={A multi-start randomized heuristic for real-life crew rostering problems in airlines with work-balancing goals},
    author={de Armas, Jesica and Cadarso, Luis and Juan, Angel A and Faulin, Javier},
    journal={Annals of Operations Research},
    pages={1--24},
    year={2016},
    publisher={Springer}
}

@article{limlawan2014hybrid,
    title={A hybrid particle swarm optimization and an improved heuristic algorithm for an airline crew rostering problem},
    author={Limlawan, Varis and Kasemsontitum, Boontariga and Jeenanunta, Chawalit},
    journal={SCIENCEASIA},
    volume={40},
    number={6},
    pages={456--462},
    year={2014},
    publisher={THAILANDS NATL SCIENCE \& TECHNOLOGY DEVELOPMENT AGENCY PUBLIC INFORMATION DEPT, 73/1 RAMA VI RD, RAJDHEVEE, BANGKOK, 00000, THAILAND}
}

@article{hanafi2014hybrid,
    title={A hybrid constructive heuristic and simulated annealing for railway crew scheduling},
    author={Hanafi, Rosmalina and Kozan, Erhan},
    journal={Computers \& Industrial Engineering},
    volume={70},
    pages={11--19},
    year={2014},
    publisher={Elsevier}
}

@article{deng2011ant,
    title={ant colony optimization-based algorithm for airline crew scheduling problem},
    author={deng, guang-feng and lin, woo-tsong},
    journal={expert systems with applications},
    volume={38},
    number={5},
    pages={5787--5793},
    year={2011},
    publisher={elsevier}
}

@phdthesis{de2011algoritmo,
    title={UM ALGORITMO H{\'I}BRIDO PARA A SOLU{\c{C}}{\~A}O DE PROBLEMAS DE ESCALA DE MOTORISTAS},
    author={de Freitas, Alan},
    year={2011},
    school={Universidade Federal do Rio de Janeiro}
}

@phdthesis{dos2008metodo,
    title={M{\'e}todo de Gera{\c{c}}{\~a}o de Colunas e Meta-heur{\'\i}sticas para Aloca{\c{c}}{\~a}o de Tripula{\c{c}}{\~a}o},
    author={dos Santos, Andr{\'e} Gustavo},
    year={2008},
    school={Universidade Federal de Minas Gerais}
}

@article{nemhauser1988integer,
    title={Integer programming and combinatorial optimization},
    author={Nemhauser, George L and Wolsey, Laurence A},
    journal={Wiley, Chichester. GL Nemhauser, MWP Savelsbergh, GS Sigismondi (1992). Constraint Classification for Mixed Integer Programming Formulations. COAL Bulletin},
    volume={20},
    pages={8--12},
    year={1988},
    publisher={Springer}
}

@article{garfinkel1969set,
    title={The set-partitioning problem: set covering with equality constraints},
    author={Garfinkel, Robert S and Nemhauser, George L},
    journal={Operations Research},
    volume={17},
    number={5},
    pages={848--856},
    year={1969},
    publisher={INFORMS}
}

@book{garey1979computers,
    title={Computers and Intractability: A Guide to the Theory of NP-completeness},
    author={Garey, M.R. and Johnson, D.S.},
    isbn={9780716710448},
    lccn={lc78012361},
    series={Books in mathematical series},
    url={https://books.google.com.br/books?id=fjxGAQAAIAAJ},
    year={1979},
    publisher={W. H. Freeman}
}

@article{hassin1992approximation,
    title={Approximation schemes for the restricted shortest path problem},
    author={Hassin, Refael},
    journal={Mathematics of Operations research},
    volume={17},
    number={1},
    pages={36--42},
    year={1992},
    publisher={INFORMS}
}

@article{dumitrescu2003improved,
    title={Improved preprocessing, labeling and scaling algorithms for the weight-constrained shortest path problem},
    author={Dumitrescu, Irina and Boland, Natashia},
    journal={Networks},
    volume={42},
    number={3},
    pages={135--153},
    year={2003}
}

@article{handler1980dual,
    title={A dual algorithm for the constrained shortest path problem},
    author={Handler, Gabriel Y and Zang, Israel},
    journal={Networks},
    volume={10},
    number={4},
    pages={293--309},
    year={1980},
    publisher={Wiley Online Library}
}

@article{beasley1989algorithm,
    title={An algorithm for the resource constrained shortest path problem},
    author={Beasley, John E and Christofides, Nicos},
    journal={Networks},
    volume={19},
    number={4},
    pages={379--394},
    year={1989},
    publisher={Wiley Online Library}
}

@article{lubbecke2005selected,
    title={Selected topics in column generation},
    author={L{\"u}bbecke, Marco E and Desrosiers, Jacques},
    journal={Operations Research},
    volume={53},
    number={6},
    pages={1007--1023},
    year={2005},
    publisher={INFORMS}
}

@book{dantzig1990origins,
    title={Origins of the simplex method},
    author={Dantzig, George B},
    year={1990},
    publisher={ACM}
}

@Article{Grotschel1981,
    author="Gr{\"o}tschel, M.
        and Lov{\'a}sz, L.
        and Schrijver, A.",
    title="The ellipsoid method and its consequences in combinatorial optimization",
    journal="Combinatorica",
    year="1981",
    volume="1",
    number="2",
    pages="169--197",
    issn="1439-6912",
    doi="10.1007/BF02579273",
    url="http://dx.doi.org/10.1007/BF02579273"
}

@article{khachian,
    author="L.G. Khachiyan",
    title="'A polynomial Algorithm in Linear Programming",
    journal="Soviet Mathematics",
    year="1979",
    pages="191-194"
}

@techreport{klee1972good,
    title={How good is the simplex algorithm?},
    author={Klee, Victor and Minty, George J},
    year={1972},
    institution={DTIC Document},
    journal="Inequalities III",
    publisher="Academic Press",
    pages="159-175"
}

@inproceedings{karmarkar1984new,
    title={A new polynomial-time algorithm for linear programming},
    author={Karmarkar, Narendra},
    booktitle={Proceedings of the sixteenth annual ACM symposium on Theory of computing},
    pages={302--311},
    year={1984},
    organization={ACM}
}

@article{maculan2006otimizaccao,
    title={Otimiza{\c{c}}{\~a}o linear},
    author={Maculan, Nelson and Fampa, Marcia H Costa},
    journal={Editora Universidade de Brasilia: Brasilia},
    year={2006}
}

@article{papadimitriou1981complexity,
    title={On the complexity of integer programming},
    author={Papadimitriou, Christos H},
    journal={Journal of the ACM (JACM)},
    volume={28},
    number={4},
    pages={765--768},
    year={1981},
    publisher={ACM}
}

@article{garey1978strong,
    title={``Strong''NP-Completeness Results: Motivation, Examples, and Implications},
    author={Garey, Michael R and Johnson, David S},
    journal={Journal of the ACM (JACM)},
    volume={25},
    number={3},
    pages={499--508},
    year={1978},
    publisher={ACM}
}

@article{laporte1992traveling,
    title={The traveling salesman problem: An overview of exact and approximate algorithms},
    author={Laporte, Gilbert},
    journal={European Journal of Operational Research},
    volume={59},
    number={2},
    pages={231--247},
    year={1992},
    publisher={Elsevier}
}

@article{gomory1960solving,
    title={Solving linear programming problems in integers},
    author={Gomory, Ralph E},
    journal={Combinatorial Analysis},
    volume={10},
    pages={211--215},
    year={1960},
    publisher={American Mathematical Society Providence, RI}
}

@techreport{gomory1960algorithm,
    title={An algorithm for the mixed integer problem},
    author={Gomory, Ralph},
    year={1960},
    institution={DTIC Document}
}

@article{cook2009numerically,
    title={Numerically Safe Gomory Mixed-Integer Cuts},
    author={Cook, William and Dash, Sanjeeb and Fukasawa, Ricardo and Goycoolea, Marcos},
    journal={INFORMS Journal on Computing},
    volume={21},
    number={4},
    pages={641--649},
    year={2009}
}

@article{zanette2011lexicography,
    title={Lexicography and degeneracy: can a pure cutting plane algorithm work?},
    author={Zanette, Arrigo and Fischetti, Matteo and Balas, Egon},
    journal={Mathematical programming},
    volume={130},
    number={1},
    pages={153--176},
    year={2011},
    publisher={Springer}
}

@book{wosley88,
    author = {Nemhauser, George L. and Wolsey, Laurence A.},
    title = {Integer and Combinatorial Optimization},
    year = {1988},
    isbn = {0-471-82819-X},
    publisher = {Wiley-Interscience},
    address = {New York, NY, USA},
}

@book{wolsey1998integer,
    title={Integer programming},
    author={Wolsey, Laurence A},
    year={1998},
    publisher={Wiley}
}

@incollection{land2010automatic,
    title={An automatic method for solving discrete programming problems},
    author={Land, Ailsa H and Doig, Alison G},
    booktitle={50 Years of Integer Programming 1958-2008},
    pages={105--132},
    year={1958},
    publisher={Springer}
}

@article{little1963algorithm,
    title={An algorithm for the traveling salesman problem},
    author={Little, John DC and Murty, Katta G and Sweeney, Dura W and Karel, Caroline},
    journal={Operations research},
    volume={11},
    number={6},
    pages={972--989},
    year={1963},
    publisher={INFORMS}
}

@article{dantzig1955generalized,
    title={The generalized simplex method for minimizing a linear form under linear inequality restraints},
    author={Dantzig, George B and Orden, Alex and Wolfe, Philip and others},
    journal={Pacific Journal of Mathematics},
    volume={5},
    number={2},
    pages={183--195},
    year={1955}
}

@article{potra2000interior,
    title={Interior-point methods},
    author={Potra, Florian A and Wright, Stephen J},
    journal={Journal of Computational and Applied Mathematics},
    volume={124},
    number={1},
    pages={281--302},
    year={2000},
    publisher={Elsevier}
}

@article{gopalakrishnan2005airline,
    title={Airline crew scheduling: state-of-the-art},
    author={Gopalakrishnan, Balaji and Johnson, Ellis L},
    journal={Annals of Operations Research},
    volume={140},
    number={1},
    pages={305--337},
    year={2005},
    publisher={Springer}
}

@article{zeren2012improved,
    title={An improved genetic algorithm for crew pairing optimization},
    author={Zeren, Bahadir and others},
    year={2012},
    publisher={Scientific Research Publishing}
}

@article{beasley1996tree,
    title={A tree search algorithm for the crew scheduling problem},
    author={Beasley, John E and Cao, B},
    journal={European Journal of Operational Research},
    volume={94},
    number={3},
    pages={517--526},
    year={1996},
    publisher={Elsevier}
}

@article{beasley1990or,
    title={OR-Library: distributing test problems by electronic mail},
    author={Beasley, John E},
    journal={Journal of the operational research society},
    volume={41},
    number={11},
    pages={1069--1072},
    year={1990},
    publisher={Springer}
}

@article{desrochers1989column,
    title={A column generation approach to the urban transit crew scheduling problem},
    author={Desrochers, Martin and Soumis, Fran{\c{c}}ois},
    journal={Transportation Science},
    volume={23},
    number={1},
    pages={1--13},
    year={1989},
    publisher={INFORMS}
}

@article{smith1988bus,
    title={A bus crew scheduling system using a set covering formulation},
    author={Smith, Barbara M and Wren, Anthony},
    journal={Transportation Research Part A: General},
    volume={22},
    number={2},
    pages={97--108},
    year={1988},
    publisher={Elsevier}
}

@article{smith1988impacs,
    title={IMPACS-a bus crew scheduling system using integer programming},
    author={Smith, Barbara M},
    journal={Mathematical Programming},
    volume={42},
    number={1},
    pages={181--187},
    year={1988},
    publisher={Springer}
}

@article{dorigo2005ant,
    title={Ant colony optimization theory: A survey},
    author={Dorigo, Marco and Blum, Christian},
    journal={Theoretical computer science},
    volume={344},
    number={2},
    pages={243--278},
    year={2005},
    publisher={Elsevier}
}

@incollection{dorigo2003ant,
    title={The ant colony optimization metaheuristic: Algorithms, applications, and advances},
    author={Dorigo, Marco and St{\"u}tzle, Thomas},
    booktitle={Handbook of metaheuristics},
    pages={250--285},
    year={2003},
    publisher={Springer}
}

@article{eglese1990simulated,
    title={Simulated annealing: a tool for operational research},
    author={Eglese, RW},
    journal={European journal of operational research},
    volume={46},
    number={3},
    pages={271--281},
    year={1990},
    publisher={Elsevier}
}

@article{kirkpatrick1983optimization,
    title={Optimization by simmulated annealing}, author={Kirkpatrick, Scott and Vecchi, Mario P and others},
    journal={science},
    volume={220},
    number={4598},
    pages={671--680},
    year={1983},
    publisher={Washington}
}

@online{scip,
    title = {SCIP - Solving Constraint Integer Programs},
    year = 2016,
    url = "\url{http://scip.zib.de/}",
    urldate = {2016-11-07},
    note = "{Online, acessado em 2016-11-07}"
}
@online{glpk,
    title = {GNU Linear Programming Kit},
    year = 2016,
    url = "\url{http://www.gnu.org/software/glpk/glpk.html}",
    urldate = {2016-11-07},
    note = "{Online, acessado em 2016-11-07}"
}

@article{wilson1991ga,
    title={Ga-easy doe not imply steepest-ascent optimizable},
    author={Wilson, Stewart W and Ga-easy, SW Wilson},
    year={1991},
    publisher={Citeseer}
}

@article{mitchell1993will,
    title={When will a genetic algorithm outperform hill-climbing?},
    author={Mitchell, Melanie and Holland, John H},
    year={1993}
}

@article{lo2007using,
    title={Using ant colony optimization algorithm to solve airline crew scheduling problems},
    author={Lo, Chih-Chung and Deng, Guang-Feng},
    booktitle={Third International Conference on Natural Computation (ICNC 2007)},
    volume={4},
    pages={797--804},
    year={2007},
    organization={IEEE}
}

@article{ghoseiri2010ant,
    title={An ant colony optimization algorithm for the bi-objective shortest path problem},
    author={Ghoseiri, Keivan and Nadjari, Behnam},
    journal={Applied Soft Computing},
    volume={10},
    number={4},
    pages={1237--1246},
    year={2010},
    publisher={Elsevier}
}

@article{dorigo1997ant,
    title={Ant colonies for the travelling salesman problem},
    author={Dorigo, Marco and Gambardella, Luca Maria},
    journal={BioSystems},
    volume={43},
    number={2},
    pages={73--81},
    year={1997},
    publisher={Elsevier}
}

@article{dorigo2006ant,
    title={Ant colony optimization},
    author={Dorigo, Marco and Birattari, Mauro and Stutzle, Thomas},
    journal={IEEE computational intelligence magazine},
    volume={1},
    number={4},
    pages={28--39},
    year={2006},
    publisher={IEEE}
}

@article{glover1989tabu,
    title={Tabu search part I},
    author={Glover, Fred},
    journal={ORSA Journal on computing},
    volume={1},
    number={3},
    pages={190--206},
    year={1989},
    publisher={INFORMS}
}

@article{glover1990tabu,
    title={Tabu search part II},
    author={Glover, Fred},
    journal={ORSA Journal on computing},
    volume={2},
    number={1},
    pages={4--32},
    year={1990},
    publisher={INFORMS}
}

@article{feo1995greedy,
    title={Greedy randomized adaptive search procedures},
    author={Feo, Thomas A and Resende, Mauricio GC},
    journal={Journal of global optimization},
    volume={6},
    number={2},
    pages={109--133},
    year={1995},
    publisher={Springer}
}

@inproceedings{gen1997genetic,
    title={Genetic algorithms for solving shortest path problems},
    author={Gen, Mitsuo and Cheng, Runwei and Wang, Dingwei},
    booktitle={Evolutionary Computation, 1997., IEEE International Conference on},
    pages={401--406},
    year={1997},
    organization={IEEE}
}

@article{op_survey,
    author = { Robert E.   Shannon  and  S.   Scott   Long  and  Billy P.   Buckles },
    title = {Operation Research Methodologies in Industrial Engineering: A Survey},
    journal = {A I I E Transactions},
    volume = {12},
    number = {4},
    pages = {364-367},
    year = {1980},
    doi = {10.1080/05695558008974528},
    URL = { http://dx.doi.org/10.1080/05695558008974528 },
    eprint = { http://dx.doi.org/10.1080/05695558008974528 },
    abstract = { Abstract This study presents the results of a survey taken among members of the Operations Research Division of the American Institute of Industrial Engineers as to perceived utility and familiarity with twelve methodologies commonly used in Industrial Engineering practice. A modification to the method of majority rule for weighting the opinions of respondents, based upon their degree of familiarity or expertise, is also presented. }
}

@article{qiao2010algorithm,
    title={Algorithm for Crew-Scheduling Problem with Bin-Packing Features},
    author={Qiao, Wenxin and Hamedi, Masoud and Haghani, Ali},
    journal={Transportation Research Record: Journal of the Transportation Research Board},
    number={2197},
    pages={80--88},
    year={2010},
    publisher={Transportation Research Board of the National Academies}
}

@incollection{irnich2005shortest,
    title={Shortest path problems with resource constraints},
    author={Irnich, Stefan and Desaulniers, Guy},
    booktitle={Column generation},
    pages={33--65},
    year={2005},
    publisher={Springer}
}

@article{dantzig1954solution,
    title={Solution of a large-scale traveling-salesman problem},
    author={Dantzig, George and Fulkerson, Ray and Johnson, Selmer},
    journal={Journal of the operations research society of America},
    volume={2},
    number={4},
    pages={393--410},
    year={1954},
    publisher={INFORMS}
}

@article{gilmore1961linear,
    title={A linear programming approach to the cutting-stock problem},
    author={Gilmore, Paul C and Gomory, Ralph E},
    journal={Operations research},
    volume={9},
    number={6},
    pages={849--859},
    year={1961},
    publisher={INFORMS}
}

@techreport{MaherFischerGallyetal,
  author      = {Stephen J. Maher and Tobias Fischer and Tristan Gally and Gerald Gamrath and Ambros Gleixner and Robert Lion Gottwald and Gregor Hendel and Thorsten Koch and Marco E. L{\"u}bbecke and Matthias Miltenberger and Benjamin M{\"u}ller and Marc E. Pfetsch and Christian Puchert and Daniel Rehfeldt and Sebastian Schenker and Robert Schwarz and Felipe Serrano and Yuji Shinano and Dieter Weninger and Jonas T. Witt and Jakob Witzig},
  title       = {The SCIP Optimization Suite 4.0},
  institution = {ZIB},
  address     = {Takustr.7, 14195 Berlin},
  number      = {17-12},
  language    = {eng},
  urn         = {urn:nbn:de:0297-zib-62170},
  year        = {2017}
}
@misc{cplex,
    howpublished = {\url{http://www-01.ibm.com/software/integration/optimization/cplex-optimizer/}},
    author={IBM},
    year = {2017},
    title = {{IBM ILOG CPLEX Optimizer}},
    year = {2010}
}

